<record xmlns="http://www.loc.gov/MARC21/slim">
  <leader>04128ctma 2200529Ma 4500</leader>
  <controlfield tag="001">ocm64758433 </controlfield>
  <controlfield tag="003">OCoLC</controlfield>
  <controlfield tag="005">20211004132912.0</controlfield>
  <controlfield tag="008">000705q12751325xx a 000 0 lat d</controlfield>
  <datafield ind1=" " ind2=" " tag="040">
    <subfield code="a">COO</subfield>
    <subfield code="b">eng</subfield>
    <subfield code="e">amremm</subfield>
    <subfield code="c">COO</subfield>
    <subfield code="d">OCLCQ</subfield>
    <subfield code="d">OCLCO</subfield>
  </datafield>
  <datafield ind1=" " ind2=" " tag="035">
    <subfield code="a">(OCoLC)64758433</subfield>
  </datafield>
  <datafield ind1=" " ind2=" " tag="049">
    <subfield code="a">COOO</subfield>
  </datafield>
  <datafield ind1="0" ind2=" " tag="100">
    <subfield code="a">Gervase,</subfield>
    <subfield code="c">of Tilbury,</subfield>
    <subfield code="d">approximately 1160-approximately 1211.</subfield>
  </datafield>
  <datafield ind1="1" ind2="0" tag="240">
    <subfield code="a">Otia imperialia</subfield>
  </datafield>
  <datafield ind1="1" ind2="0" tag="245">
    <subfield code="a">[Otia imperialia].</subfield>
  </datafield>
  <datafield ind1=" " ind2=" " tag="260">
    <subfield code="a">[Southern France or Italy],</subfield>
    <subfield code="c">between ca. 1275 and ca. 1325.</subfield>
  </datafield>
  <datafield ind1=" " ind2=" " tag="300">
    <subfield code="a">220 leaves :</subfield>
    <subfield code="b">parchment ;</subfield>
    <subfield code="c">183 x 132 (125 x 90) mm. bound to 193 x 137 mm.</subfield>
  </datafield>
  <datafield ind1=" " ind2=" " tag="336">
    <subfield code="a">text</subfield>
    <subfield code="b">txt</subfield>
    <subfield code="2">rdacontent</subfield>
  </datafield>
  <datafield ind1=" " ind2=" " tag="337">
    <subfield code="a">unmediated</subfield>
    <subfield code="b">n</subfield>
    <subfield code="2">rdamedia</subfield>
  </datafield>
  <datafield ind1=" " ind2=" " tag="338">
    <subfield code="a">volume</subfield>
    <subfield code="b">nc</subfield>
    <subfield code="2">rdacarrier</subfield>
  </datafield>
  <datafield ind1=" " ind2=" " tag="500">
    <subfield code="a">Ms. codex.</subfield>
  </datafield>
  <datafield ind1=" " ind2=" " tag="546">
    <subfield code="a">Text in Latin.</subfield>
  </datafield>
  <datafield ind1=" " ind2=" " tag="520">
    <subfield code="a">This manuscript of the Otia Imperialia (composed by Gervase for Otto IV in
      1211) is more complete than the printed edition of 1707 by Leibniz (see below), who notes that
      his manuscript lacked several folios. The lacuna in his edition on p. 912 corresponds to text
      on ff. 48v-72v of Misc. Bd. Ms. 60.</subfield>
  </datafield>
  <datafield ind1=" " ind2=" " tag="500">
    <subfield code="a">There are numerous marginal annotations in various hands from the 13th to the
      16th centuries, including corrections to the text and headings (headings also appear as
      rubrications set within the body of the text). Corrections to the text are in a
      near-contemporary hand.</subfield>
  </datafield>
  <datafield ind1=" " ind2=" " tag="500">
    <subfield code="a">Early foliation is in Roman numerals for ff. 1-121 (although most of the
      numerals before f. 49 have been lost in trimming); and in Arabic numerals, in a medieval hand,
      for ff. 92, 122-220. Due to misnumbering, the medieval foliation of ff. 93-116 and 122-220 is
      inaccurate.</subfield>
  </datafield>
  <datafield ind1=" " ind2=" " tag="500">
    <subfield code="a">Fol. 220r contains an index of references to the city of Arles, dated 1576.
      On f. 220v a similarly late hand has added notes which are partly erased or crossed
      out.</subfield>
  </datafield>
  <datafield ind1=" " ind2=" " tag="500">
    <subfield code="a">Layout: Written in 30 long lines.</subfield>
  </datafield>
  <datafield ind1=" " ind2=" " tag="500">
    <subfield code="a">Script: Written in rounded Gothic textual script; f. 219v is written in
      Gothic cursive script.</subfield>
  </datafield>
  <datafield ind1=" " ind2=" " tag="500">
    <subfield code="a">Decoration: Historiated initial D showing the presentation of the book to
      Otto IV, followed by a smaller initial D inhabited by a dragon, set within a sparse foliated
      border with drolleries (f. 1r). Marginal drawings throughout. Red and blue flourished initials
      throughout.</subfield>
  </datafield>
  <datafield ind1=" " ind2=" " tag="500">
    <subfield code="a">Binding: 16th cent., French calf. Label on spine has deteriorated.</subfield>
  </datafield>
  <datafield ind1=" " ind2=" " tag="500">
    <subfield code="a">Origin: Probably written in southern France; its combination of Bolognese
      script with ultramontane illumination make it similar to manuscripts produced at the Papal
      court at Avignon after 1305.</subfield>
  </datafield>
  <datafield ind1=" " ind2=" " tag="561">
    <subfield code="a">Provenance: Barrier, advocat (1614). Gift of Frederick S. Crofts (Cornell
      University Class of 1905). (The note by Dr. Reichmann in De Ricci, Supp., p. 318,
      &quot;Purchased in 1947 from E.P. Goldschmidt&quot; is either a mistake or indicates
      Crofts&apos; source, which available documentation does not clarify.) Formerly part of the
      Phillipps Collection in the 19th century (#12728).</subfield>
  </datafield>
  <datafield ind1=" " ind2=" " tag="524">
    <subfield code="a">Division of Rare and Manuscript Collections, Cornell University Library,
      Misc. Bd. Ms. 60.</subfield>
  </datafield>
  <datafield ind1=" " ind2=" " tag="500">
    <subfield code="a">Former shelfmark: MSS Bd. Rare D G38.</subfield>
  </datafield>
  <datafield ind1=" " ind2=" " tag="500">
    <subfield code="a">Related shelfmark: MSS. B 6000 (Faye and Bond).</subfield>
  </datafield>
  <datafield ind1="4" ind2=" " tag="510">
    <subfield code="a">Faye and Bond, Supplement to the Census of Medieval and Renaissance
      Manuscripts,</subfield>
    <subfield code="c">p. 318; Calkins, R.G. Illuminated Manuscripts, pp. 16-17, no. 5</subfield>
  </datafield>
  <datafield ind1=" " ind2=" " tag="581">
    <subfield code="a">Leibniz, G.W., ed. Scriptores rerum Brunsvicensium, vol. 1 (Hannover: Nicolas
      Foerster, 1707), pp. 881-1005.</subfield>
  </datafield>
  <datafield ind1=" " ind2="0" tag="650">
    <subfield code="a">History, Universal</subfield>
    <subfield code="v">Early works to 1800.</subfield>
  </datafield>
  <datafield ind1=" " ind2="0" tag="650">
    <subfield code="a">Curiosities and wonders.</subfield>
  </datafield>
  <datafield ind1=" " ind2="7" tag="650">
    <subfield code="a">Curiosities and wonders.</subfield>
    <subfield code="2">fast</subfield>
    <subfield code="0">(OCoLC)fst00885285</subfield>
  </datafield>
  <datafield ind1=" " ind2="7" tag="655">
    <subfield code="a">Gothic scripts.</subfield>
    <subfield code="2">aat</subfield>
  </datafield>
  <datafield ind1=" " ind2="7" tag="655">
    <subfield code="a">Parchment.</subfield>
    <subfield code="2">aat</subfield>
  </datafield>
  <datafield ind1=" " ind2="7" tag="655">
    <subfield code="a">Early works.</subfield>
    <subfield code="2">fast</subfield>
    <subfield code="0">(OCoLC)fst01411636</subfield>
  </datafield>
  <datafield ind1="2" ind2=" " tag="710">
    <subfield code="a">Cornell University.</subfield>
    <subfield code="b">Library.</subfield>
    <subfield code="b">Division of Rare and Manuscript Collections.</subfield>
    <subfield code="k">Manuscript</subfield>
    <subfield code="n">(Misc. Bd. Ms. 60th)</subfield>
  </datafield>
  <datafield ind1=" " ind2=" " tag="752">
    <subfield code="a">France.</subfield>
  </datafield>
  <datafield ind1="0" ind2="8" tag="776">
    <subfield code="i">Online version:</subfield>
    <subfield code="a">Gervase, of Tilbury, approximately 1160-approximately 1211.</subfield>
    <subfield code="s">Otia imperialia.</subfield>
    <subfield code="t">[Otia imperialia].</subfield>
    <subfield code="d">[Southern France or Italy], between ca. 1275 and ca. 1325</subfield>
    <subfield code="w">(OCoLC)1129079587</subfield>
  </datafield>
  <datafield ind1=" " ind2=" " tag="994">
    <subfield code="a">C0</subfield>
    <subfield code="b">COO</subfield>
  </datafield>
</record>
